
@book{CLRS2022,
  author       = {Cormen, Thomas H. and Leiserson, Charles E. and Rivest, Ronald
                  L. and Stein, Clifford},
  edition      = 4,
  publisher    = {The MIT Press},
  title	       = {Introduction to Algorithms},
  year	       = 2022
}

@book {REF_algo_cpp,
  title	       = "Algorithms in C++ Part 5, ",
  author       = "Robert Sedgewick",
  publisher    = "Addison-Wesley",
  year	       = 2002
}

@book {REF_graph,
  title	       = "Handbook of Graph Theory",
  editor       = "Gross, Jonathan L. and Yellen, Jay",
  publisher    = "CRC Press",
  year	       = 2004,
}

@book {REF_netflow,
  title	       = "Network Flows",
  author       = "Ravindra K Ahuja, Thomas L. Magnanti, James B. Orlin",
  publisher    = "Prentice Hall",
  year	       = 1993
}

@online{REF_P2300r5,
    author = "Dominiak Evtushenko Baker Teodorescu Howes Shoop Garland Niebler and Lelbach",
    title = "P2300r5 std::execution",
    howpublished = {\url{"https://www.open-std.org/jtc1/sc22/wg21/docs/papers/2022/p2300r5.html"}},
    addendum = "(accessed: 01.08.2022)",
    keywords = "executors,parallel,execution"
}

% The Germany routes examples used from Wikipedia
@online{REF_BFS,
    author = "Dominiak Evtushenko Baker Teodorescu Howes Shoop Garland Niebler and Lelbach",
    title = "Breadth-first search",
    howpublished = {\url{"https://en.wikipedia.org/wiki/Breadth-first_search"}},
    addendum = "(accessed: 06.08.2022)",
    keywords = "breadth-first search, BFS, view"
}

@online{REF_nwgraph_library,
    author = "Lumsdaine D'Alessandro Deweese Firoz Liu McMillan Ratzloff Zalewski",
    title = "NWGraph library code",
    howpublished = {\url{"https://github.com/pnnl/NWGraph"}},
    addendum = "(accessed: 09.16.2022)",
    keywords = "graph,network,library"
}

@online{REF_nwgraph_paper,
    author = "Lumsdaine D'Alessandro Deweese Firoz Liu McMillan Ratzloff Zalewski",
    title = "NWGraph: A Library of Generic Graph Algorithms and Data Structures in C++20",
    howpublished = {\url{"https://drops.dagstuhl.de/opus/volltexte/2022/16259/"}},
    addendum = "(accessed: 09.16.2022)",
    keywords = "graph,network,library"
}
