
@book{BGL,
  abstract     = {The first C++ library to apply the principles of generic programming
                  to the construction of the advanced data structures and algorithms
                  used in graph computations. Offers the key to unlocking the power of
                  the {BGL} for the C++ programmer looking to extend the reach of
                  generic programming beyond the Standard Template
                  Library. Softcover. {CD}-{ROM} included.},
  added-at     = {2018-12-02T16:09:07.000+0100},
  author       = {Siek, Jeremy G. and Lee, Lie-Quan and Lumsdaine, Andrew},
  day	       = 30,
  howpublished = {Paperback},
  isbn	       = 0201729148,
  month	       = dec,
  publisher    = {Addison-Wesley Professional},
  title	       = {The Boost Graph Library: User Guide and Reference Manual},
  year	       = 2001
}

@book{CLRS2022,
  author       = {Cormen, Thomas H. and Leiserson, Charles E. and Rivest, Ronald
                  L. and Stein, Clifford},
  edition      = 4,
  publisher    = {The MIT Press},
  title	       = {Introduction to Algorithms},
  year	       = 2022
}

@book {REF_algo_cpp,
  title	       = "Algorithms in C++ Part 5, ",
  author       = "Robert Sedgewick",
  publisher    = "Addison-Wesley",
  year	       = 2002
}

@book {REF_graph,
  title	       = "Handbook of Graph Theory",
  editor       = "Gross, Jonathan L. and Yellen, Jay",
  publisher    = "CRC Press",
  year	       = 2004,
}

@book {REF_netflow,
  title	       = "Network Flows",
  author       = "Ravindra K Ahuja, Thomas L. Magnanti, James B. Orlin",
  publisher    = "Prentice Hall",
  year	       = 1993
}

% This is no longer being used. Keeping it here for reference.
@online{REF_P2300,
    author = "Dominiak and Evtushenko and Baker and Teodorescu and Howes and Kirk Shoop and Michael Garland and Eric Niebler and Bryce Lelbach",
    title = "P2300r9 std::execution",
    howpublished = {\url{"https://www.open-std.org/jtc1/sc22/wg21/docs/papers/2024/p2300r9.html"}},
    addendum = "(accessed: 21.06.2024)",
    keywords = "executors,parallel,execution"
}

% The Germany routes examples used from Wikipedia
@online{REF_BFS,
    title = "Breadth-first search",
    howpublished = {\url{"https://en.wikipedia.org/wiki/Breadth-first_search"}},
    addendum = "(accessed: 06.08.2022)",
    keywords = "breadth-first search, BFS, view"
}

@online{REF_bellman,
    title = "Bellman-Ford",
    howpublished = {\url{"https://en.wikipedia.org/wiki/Bellman%E2%80%93Ford_algorithm"}},
    addendum = "(accessed: 08.15.2024)",
    keywords = "Bellman-Ford, shortest paths"
}

@online{REF_nwgraph_library,
    author = "Andrew Lumsdaine  and Luke D'Alessandro and Kevin Deweese and Jesun Firoz and Tony Liu and Scott McMillan and Phil Ratzloff and Marcin Zalewski",
    title = "NWGraph library code",
    howpublished = {\url{"https://github.com/pnnl/NWGraph"}},
    addendum = "(accessed: 09.16.2022)",
    keywords = "graph,network,library"
}

@online{REF_nwgraph_paper,
    author = "Andrew Lumsdaine and Luke D'Alessandro and Kevin Deweese and Jesun Firoz and Tony Liu and Scott McMillan and Phil  Ratzloff and Marcin Zalewski",
    title = "NWGraph: A Library of Generic Graph Algorithms and Data Structures in C++20",
    howpublished = {\url{"https://drops.dagstuhl.de/opus/volltexte/2022/16259/"}},
    addendum = "(accessed: 09.16.2022)",
    keywords = "graph,network,library"
}
                  
@INPROCEEDINGS{gapbs_2023,
  author={Azad, Ariful and Aznaveh, Mohsen Mahmoudi and Beamer, Scott and Blanco, Maia P. and Chen, Jinhao and D'Alessandro, Luke and Dathathri, Roshan and Davis, Tim and Deweese, Kevin and Firoz, Jesun and Gabb, Henry A and Gill, Gurbinder and Hegyi, Balint and Kolodziej, Scott and Low, Tze Meng and Lumsdaine, Andrew and Manlaibaatar, Tugsbayasgalan and Mattson, Timothy G and McMillan, Scott and Peri, Ramesh and Pingali, Keshav and Sridhar, Upasana and Szarnyas, Gabor and Zhang, Yunming and Zhang, Yongzhe},
  booktitle={2020 IEEE International Symposium on Workload Characterization (IISWC)}, 
  title={Evaluation of Graph Analytics Frameworks Using the GAP Benchmark Suite}, 
  year=2020,
  pages={216-227},
  doi={10.1109/IISWC50251.2020.00029}}

@book{kepner-gilbert, 
  added-at = {2019-07-02T00:00:00.000+0200}, 
  biburl = {https://www.bibsonomy.org/bibtex/2c2ffafc2f8a2dc9fad3539e6a5ff42d9/dblp}, 
  editor = {Kepner, Jeremy and Gilbert, John R.}, 
  ee = {https://doi.org/10.1137/1.9780898719918}, 
  interhash = {67d59c42518916669403000e22abbca9}, 
  intrahash = {c2ffafc2f8a2dc9fad3539e6a5ff42d9}, 
  isbn = {978-0-89871-990-1}, 
  keywords = {dblp}, 
  publisher = {SIAM}, 
  series = {Software, environments, tools}, 
  timestamp = {2024-04-10T12:13:34.000+0200}, 
  title = {Graph Algorithms in the Language of Linear Algebra}, 
  url = {http://dblp.uni-trier.de/db/books/collections/KG2011.html}, 
  volume = 22, 
  year = 2011 }


%There was a question about references to the GraphBLAS C++ API in the graph overview paper.  Right now there is only the API and implementation repos, and a few workshop papers leading up to the current product.  See below.
%scott
%---
%Repo for specification: https://github.com/GraphBLAS/graphblas-api-cpp
%Repo for Ben’s implementation work: https://github.com/GraphBLAS/rgri 
%B. Brock, S. McMillan, A. Buluç, T. Mattson, J. Moreira, “C++ and Interoperability Across Libraries: the GraphBLAS C++ API,” in Workshop on Graphs, Architectures, Programming, and Learning (GrAPL) at IEEE Intl. Parallel and Distributed Processing Symposium, 15 May 2023.

%B. Brock, S. McMillan, A. Buluç, T. Mattson, J. Moreira, “GraphBLAS: C++ Iterators for Sparse Matrices,” in Workshop on Graphs, Architectures, Programming, and Learning (GrAPL) at IEEE Intl. Parallel and Distributed Processing Symposium, (virtual), 30 May 2022.
%B. Brock, A. Buluç, T. Mattson, S. McMillan, J. Moreira, “A Roadmap for the GraphBLAS C++ API,” in Workshop on Graphs, Architectures, Programming, and Learning (GrAPL) at IEEE Intl. Parallel and Distributed Processing Symposium, (New Orleans), 18 May 2020.

